@article{de2020interaction,
  title={Interaction-Transformation Evolutionary Algorithm for Symbolic Regression},
  author={de Fran{\c{c}}a, Fabr{\'\i}cio Olivetti and Aldeia, Guilherme Seidyo Imai},
  journal={Evolutionary Computation},
  pages={1--25},
  year={2020},
  publisher={MIT Press}
}